@book{wolfram2002new,
  title={A New Kind of Science},
  author={Wolfram, Stephen},
  volume={5},
  year={2002},
  publisher={Wolfram media Champaign}
}

@article{wolfram2020class,
  title={A Class of Models with the Potential to Represent Fundamental Physics},
  author={Wolfram, Stephen},
  journal={Complex Systems},
  volume={29},
  number={2},
  year={2020}
}

@article{arsiwalla2021pregeometric,
  title={Pregeometric Spaces from Wolfram Model Rewriting Systems as Homotopy Types},
  author={Arsiwalla, Xerxes D and Gorard, Jonathan},
  journal={arXiv preprint arXiv:2111.03460},
  year={2021}
}

@article{wolfram2022A,
  title={The Physicalization of Metamathematics and Its Implications for the Foundations of Mathematics},
  author={Wolfram, Stephen},
  journal={Stephen Wolfram Writings},
  year={March 7, 2022}
}

@article{kaliszyk2015learning,
  title={Learning-assisted theorem proving with millions of lemmas},
  author={Kaliszyk, Cezary and Urban, Josef},
  journal={Journal of symbolic computation},
  volume={69},
  pages={109--128},
  year={2015},
  publisher={Elsevier}
}


@article{harlow2011eternal,
  title={Eternal symmetree},
  author={Harlow, Daniel and Shenker, Stephen and Stanford, Douglas and Susskind, Leonard},
  journal={arXiv preprint arXiv:1110.0496},
  year={2011}
}

@article{susskind2012fractal,
  title={Fractal-Flows and Time's Arrow},
  author={Susskind, Leonard},
  journal={arXiv preprint arXiv:1203.6440},
  year={2012}
}







